@phdthesis{Ambikasaran2013,
author = {Ambikasaran, Sivaram},
number = {August},
school = {Stanford University},
title = {{Fast Algorithms for Dense Numerical Linear Algebra and Applications}},
year = {2013}
}
