@book{coltonkress2013,
author = {Colton, David and Kress, Rainer},
title = {Integral Equation Methods in Scattering Theory},
publisher = {Society for Industrial and Applied Mathematics},
year = {2013},
address = {Philadelphia, PA},
edition   = {},
}


@book{kress2012,
  title={Linear Integral Equations},
  author={Kress, Rainer},
  lccn={89011289},
  series={Applied Mathematical Sciences},
  year={2012},
  publisher={Springer Berlin Heidelberg}
}

@book{moiola2022,
  author         = {Moiola, Andrea},
  title          = {Scattering of time-harmonic acoustic waves: Helmholtz equation, boundary integral equations and BEM},
  year           = {2022},
  url          = {https://mate.unipv.it/moiola/T/MNAPDE2022/MNAPDE2022.pdf}
}